@article{tl-rl-img,
author = {Zhu, Fei and Liu, Quan and Wang, Hui and Zhou, Xiaoke and Fu, Yuchen},
year = {2014},
month = {02},
pages = {173290},
title = {Unregistered Biological Words Recognition by Q-Learning with Transfer Learning},
volume = {2014},
journal = {The Scientific World Journal},
doi = {10.1155/2014/173290}
}

@inproceedings{MLagents1,
  title={Simulation of auto obstacle avoidance based on Unity machine learning},
  author={Jiangyuan, Qi},
  booktitle={Journal of Physics: Conference Series},
  volume={1883},
  number={1},
  pages={012048},
  year={2021},
  organization={IOP Publishing}
}

@inproceedings{MLagents2,
  title={Training an Agent for Third-person Shooter Game Using Unity ML-Agents},
  author={Lai, Jun and Chen, Xi-liang and Zhang, Xue-zhen},
  booktitle={International Conference on Artificial Intelligence and Computing Science. Hangzhou},
  pages={317--332},
  year={2019}
}

@misc{ad-ex1,
      title={Robust Physical-World Attacks on Deep Learning Models}, 
      author={Kevin Eykholt and Ivan Evtimov and Earlence Fernandes and Bo Li and Amir Rahmati and Chaowei Xiao and Atul Prakash and Tadayoshi Kohno and Dawn Song},
      year={2018},
      eprint={1707.08945},
      archivePrefix={arXiv},
      primaryClass={cs.CR}
}

@misc{tl-rl-survey,
      title={Transfer Learning in Deep Reinforcement Learning: A Survey}, 
      author={Zhuangdi Zhu and Kaixiang Lin and Jiayu Zhou},
      year={2021},
      eprint={2009.07888},
      archivePrefix={arXiv},
      primaryClass={cs.LG}
}

@book{sutton,
  title={Reinforcement learning: An introduction},
  author={Sutton, Richard S and Barto, Andrew G},
  year={2018},
  publisher={MIT press}
}

@article{DRL1,
  title={Playing atari with deep reinforcement learning},
  author={Mnih, Volodymyr and Kavukcuoglu, Koray and Silver, David and Graves, Alex and Antonoglou, Ioannis and Wierstra, Daan and Riedmiller, Martin},
  journal={arXiv preprint arXiv:1312.5602},
  year={2013}
}

@article{DRL2,
   title={An Introduction to Deep
                  Reinforcement Learning},
   volume={11},
   ISSN={1935-8245},
   url={http://dx.doi.org/10.1561/2200000071},
   DOI={10.1561/2200000071},
   number={3-4},
   journal={Foundations and Trends® in Machine Learning},
   publisher={Now Publishers},
   author={François-Lavet, Vincent and Henderson, Peter and Islam, Riashat and Bellemare, Marc G. and Pineau, Joelle},
   year={2018},
   pages={219–354}
}

@misc{ad-intro,
      title={Intriguing properties of neural networks}, 
      author={Christian Szegedy and Wojciech Zaremba and Ilya Sutskever and Joan Bruna and Dumitru Erhan and Ian Goodfellow and Rob Fergus},
      year={2014},
      eprint={1312.6199},
      archivePrefix={arXiv},
      primaryClass={cs.CV}
}

@article{cont-ddpg
,
  title={Continuous control with deep reinforcement learning},
  author={Lillicrap, Timothy P and Hunt, Jonathan J and Pritzel, Alexander and Heess, Nicolas and Erez, Tom and Tassa, Yuval and Silver, David and Wierstra, Daan},
  journal={arXiv preprint arXiv:1509.02971},
  year={2015}
}
@misc{adreco1,
      title={Towards Deep Neural Network Architectures Robust to Adversarial Examples}, 
      author={Shixiang Gu and Luca Rigazio},
      year={2015},
      eprint={1412.5068},
      archivePrefix={arXiv},
      primaryClass={cs.LG}
}
@inproceedings{rlad1,
author = {Pan, Xinlei and Xiao, Chaowei and He, Warren and Yang, Shuang and Peng, Jian and Sun, Mingjie and Liu, Mingyan and Li, Bo and Song, Dawn},
title = {Characterizing Attacks on Deep Reinforcement Learning},
year = {2022},
publisher = {International Foundation for Autonomous Agents and Multiagent Systems},
booktitle = {Proceedings of the 21st International Conference on Autonomous Agents and Multiagent Systems},
pages = {1010–1018},
numpages = {9},
series = {AAMAS '22}
}

@article{rlad2,
author = {Behzadan, Vahid and Munir, Arslan},
year = {2020},
month = {01},
pages = {1-1},
title = {Adversarial Reinforcement Learning Framework for Benchmarking Collision Avoidance Mechanisms in Autonomous Vehicles},
volume = {PP},
journal = {IEEE Intelligent Transportation Systems Magazine},
doi = {10.1109/MITS.2019.2898964}
}

@misc{rlat1,
      title={Robust Reinforcement Learning via Adversarial training with Langevin Dynamics}, 
      author={Parameswaran Kamalaruban and Yu-Ting Huang and Ya-Ping Hsieh and Paul Rolland and Cheng Shi and Volkan Cevher},
      year={2020},
      eprint={2002.06063},
      archivePrefix={arXiv},
      primaryClass={cs.LG}
}
@misc{rl-fgsm,
      title={Adversarial Attacks on Neural Network Policies}, 
      author={Sandy Huang and Nicolas Papernot and Ian Goodfellow and Yan Duan and Pieter Abbeel},
      year={2017},
      eprint={1702.02284},
      archivePrefix={arXiv},
      primaryClass={cs.LG}
}

@misc{adreco2,
      title={Countering Adversarial Images using Input Transformations}, 
      author={Chuan Guo and Mayank Rana and Moustapha Cisse and Laurens van der Maaten},
      year={2018},
      eprint={1711.00117},
      archivePrefix={arXiv},
      primaryClass={cs.CV}
}
@article{ppo,
  title={Proximal Policy Optimization Algorithms},
  author={John Schulman and Filip Wolski and Prafulla Dhariwal and Alec Radford and Oleg Klimov},
  journal={ArXiv},
  year={2017},
  volume={abs/1707.06347}
}

@misc{tl-decoupling,
      title={Decoupling Dynamics and Reward for Transfer Learning}, 
      author={Amy Zhang and Harsh Satija and Joelle Pineau},
      year={2018},
      eprint={1804.10689},
      archivePrefix={arXiv},
      primaryClass={cs.LG}
}

@inproceedings{deepracer,
author = {Balaji, Bharathan and Mallya, Sunil and Genc, Sahika and Gupta, Saurabh and Dirac, Leo and Khare, Vineet and Roy, Gourav and Sun, Tao and Tao, Yunzhe and Townsend, Brian and Calleja, Eddie and Muralidhara, Sunil and Karuppasamy, Dhanasekar},
year = {2020},
month = {05},
pages = {2746-2754},
title = {DeepRacer: Autonomous Racing Platform for Experimentation with Sim2Real Reinforcement Learning},
doi = {10.1109/ICRA40945.2020.9197465}
}

@article{transfer-rl,
	author = {Weiss, Karl and Khoshgoftaar, Taghi M. and Wang, DingDing},
	doi = {10.1186/s40537-016-0043-6},
	journal = {Journal of Big Data},
	number = {1},
	pages = {1-40},
	title = {A survey of transfer learning},
	volume = {3},
	year = {2016},
}

@InProceedings{RLIntro,
author="Kaelbling, Leslie Pack
and Littman, Michael L.
and Moore, Andrew W.",
title="An Introduction to Reinforcement Learning",
booktitle="The Biology and Technology of Intelligent Autonomous Agents",
year="1995",
publisher="Springer Berlin Heidelberg",
address="Berlin, Heidelberg",
pages="90--127",
isbn="978-3-642-79629-6"
}

@article{RLNuke,
title = {A fuzzy-logic approach to HTR nuclear power plant model control},
journal = {Annals of Nuclear Energy},
volume = {10},
number = {9},
pages = {467-471},
year = {1983},
author = {M. Bubak and J. Mościński and J. Jewulski},

}


@article{RLMLP,
title = { Learning and Problem Solving with Multilayer Connectionist Systems},
author = {Anderson, C. W.},
year = {1986},
journal = {PhD thesis, University of Massachusetts, Amherst, MA.},
}
@ARTICLE{RLCartPole,  author={Barto, Andrew G. and Sutton, Richard S. and Anderson, Charles W.},  journal={IEEE Transactions on Systems, Man, and Cybernetics},   title={Neuronlike adaptive elements that can solve difficult learning control problems},   year={1983},  volume={SMC-13},  number={5},  pages={834-846},  doi={10.1109/TSMC.1983.6313077}}

﻿@Article{QLearn,
author={Watkins, Christopher J. C. H.
and Dayan, Peter},
title={Q-learning},
journal={Machine Learning},
year={1992},
month={May},
day={01},
volume={8},
number={3},
pages={279-292},
}

@article{AT-Ian,
author = {Goodfellow, Ian and Shlens, Jonathon and Szegedy, Christian},
year = {2014},
month = {12},
pages = {},
title = {Explaining and Harnessing Adversarial Examples},
journal = {arXiv 1412.6572}
}

@ARTICLE{TLInsp,  author={Pan, Sinno Jialin and Yang, Qiang},  journal={IEEE Transactions on Knowledge and Data Engineering},   title={A Survey on Transfer Learning},   year={2010},  volume={22},  number={10},  pages={1345-1359},}


@InProceedings{TLDLBasic,
  title = 	 {DeCAF: A Deep Convolutional Activation Feature for Generic Visual Recognition},
  author = 	 {Donahue, Jeff and Jia, Yangqing and Vinyals, Oriol and Hoffman, Judy and Zhang, Ning and Tzeng, Eric and Darrell, Trevor},
  booktitle = 	 {Proceedings of the 31st International Conference on Machine Learning},
  pages = 	 {647--655},
  year = 	 {2014},
  volume = 	 {32},
  number =       {1},
  series = 	 {Proceedings of Machine Learning Research},
  address = 	 {Bejing, China},
  month = 	 {22--24 Jun},
  publisher =    {PMLR},
  
 
}


@inproceedings{TLDLPower,
author = {Yosinski, Jason and Clune, Jeff and Bengio, Yoshua and Lipson, Hod},
title = {How Transferable Are Features in Deep Neural Networks?},
year = {2014},
booktitle = {Proceedings of the 27th International Conference on Neural Information Processing Systems - Volume 2},
pages = {3320–3328},
numpages = {9},
series = {NIPS'14}
}

@article{TLRLImplement,
author = {Taylor, Matthew and Stone, Peter},
year = {2009},
pages = {1633-1685},
title = {Transfer Learning for Reinforcement Learning Domains: A Survey},
volume = {10},
journal = {Journal of Machine Learning Research},
}


% @article{F1Chicane, title={F1 Glossary - A-Z list of the top Formula 1 terms},
%  author = {Formula1, Website},url={https://www.formula1.com/en/championship/inside-f1/glossary.html}, journal={Formula 1® - The Official F1® Website}} 

@incollection{Pytorch,
title = {PyTorch: An Imperative Style, High-Performance Deep Learning Library},
author = {Paszke, Adam and Gross, Sam and Massa, Francisco and Lerer, Adam and Bradbury, James and Chanan, Gregory and Killeen, Trevor and Lin, Zeming and Gimelshein, Natalia and Antiga, Luca and Desmaison, Alban and Kopf, Andreas and Yang, Edward and DeVito, Zachary and Raison, Martin and Tejani, Alykhan and Chilamkurthy, Sasank and Steiner, Benoit and Fang, Lu and Bai, Junjie and Chintala, Soumith},
booktitle = {Advances in Neural Information Processing Systems 32},
pages = {8024--8035},
year = {2019},
publisher = {Curran Associates, Inc.},
url = {http://papers.neurips.cc/paper/9015-pytorch-an-imperative-style-high-performance-deep-learning-library.pdf}
}